 @Book{Anderberg83,
   author =   {Anderberg, M. R.},
   title =    {Cluster Analysis for Applications},
   publisher =    {New York: Academic Press},
   year =     {1983},
 }
 
 @book{robert2013monte,
  title={Monte Carlo statistical methods},
  author={Robert, Christian and Casella, George},
  year={2013},
  publisher={Springer Science \& Business Media}
}
@book{de2007extreme,
  title={Extreme value theory: an introduction},
  author={De Haan, Laurens and Ferreira, Ana},
  year={2007},
  publisher={Springer Science \& Business Media}
}

@book{mcbook,
   author = {Art B. Owen},
   year = 2013,
   title = {Monte Carlo theory, methods and examples}
}

@article{kahn1951estimation,
  title={Estimation of particle transmission by random sampling},
  author={Kahn, Herman and Harris, Theodore E},
  journal={National Bureau of Standards applied mathematics series},
  volume={12},
  pages={27--30},
  year={1951}
}

@article{efron2004least,
  title={Least angle regression},
  author={Efron, Bradley and Hastie, Trevor and Johnstone, Iain and Tibshirani, Robert and others},
  journal={The Annals of statistics},
  volume={32},
  number={2},
  pages={407--499},
  year={2004},
  publisher={Institute of Mathematical Statistics}
}
@article{kahn1953methods,
  title={Methods of reducing sample size in Monte Carlo computations},
  author={Kahn, Herman and Marshall, Andy W},
  journal={Journal of the Operations Research Society of America},
  volume={1},
  number={5},
  pages={263--278},
  year={1953},
  publisher={INFORMS}
}

@article{hastings1970monte,
  title={Monte Carlo sampling methods using Markov chains and their applications},
  author={Hastings, W Keith},
  year={1970},
  publisher={Oxford University Press}
}

@article{csiszar1967information,
  title={Information-type measures of difference of probability distributions and indirect observation},
  author={Csisz{\'a}r, Imre},
  journal={studia scientiarum Mathematicarum Hungarica},
  volume={2},
  pages={229--318},
  year={1967}
}

@article{vajda1972f,
  title={On the f-divergence and singularity of probability measures},
  author={Vajda, Igor},
  journal={Periodica Mathematica Hungarica},
  volume={2},
  number={1-4},
  pages={223--234},
  year={1972},
  publisher={Akad{\'e}miai Kiad{\'o}, co-published with Springer Science+ Business Media BV~â€¦}
}

@article{kullback1951information,
  title={On information and sufficiency},
  author={Kullback, Solomon and Leibler, Richard A},
  journal={The annals of mathematical statistics},
  volume={22},
  number={1},
  pages={79--86},
  year={1951},
  publisher={JSTOR}
}

@article{hellinger1909neue,
  title={Neue begr{\"u}ndung der theorie quadratischer formen von unendlichvielen ver{\"a}nderlichen.},
  author={Hellinger, Ernst},
  journal={Journal f{\"u}r die reine und angewandte Mathematik (Crelles Journal)},
  volume={1909},
  number={136},
  pages={210--271},
  year={1909},
  publisher={De Gruyter}
}

@inproceedings{renyi1961measures,
  title={On measures of entropy and information},
  author={R{\'e}nyi, Alfr{\'e}d and others},
  booktitle={Proceedings of the Fourth Berkeley Symposium on Mathematical Statistics and Probability, Volume 1: Contributions to the Theory of Statistics},
  year={1961},
  organization={The Regents of the University of California}
}

@article{ormerod2010explaining,
  title={Explaining variational approximations},
  author={Ormerod, John T and Wand, Matt P},
  journal={The American Statistician},
  volume={64},
  number={2},
  pages={140--153},
  year={2010},
  publisher={Taylor \& Francis}
}

@book{bishop2006pattern,
  title={Pattern recognition and machine learning},
  author={Bishop, Christopher M},
  year={2006},
  publisher={Springer Science+ Business Media}
}

@article{ionides2008truncated,
  title={Truncated importance sampling},
  author={Ionides, Edward L},
  journal={Journal of Computational and Graphical Statistics},
  volume={17},
  number={2},
  pages={295--311},
  year={2008},
  publisher={Taylor \& Francis}
}

@article{king2008inapparent,
  title={Inapparent infections and cholera dynamics},
  author={King, Aaron A and Ionides, Edward L and Pascual, Mercedes and Bouma, Menno J},
  journal={Nature},
  volume={454},
  number={7206},
  pages={877},
  year={2008},
  publisher={Nature Publishing Group}
}

@article{vehtari2015pareto,
  title={Pareto smoothed importance sampling},
  author={Vehtari, Aki and Gelman, Andrew and Gabry, Jonah},
  journal={arXiv preprint arXiv:1507.02646},
  year={2015}
}

@article{pickands1975statistical,
  title={Statistical inference using extreme order statistics},
  author={Pickands III, James and others},
  journal={the Annals of Statistics},
  volume={3},
  number={1},
  pages={119--131},
  year={1975},
  publisher={Institute of Mathematical Statistics}
}

@article{vehtari2017practical,
  title={Practical Bayesian model evaluation using leave-one-out cross-validation and WAIC},
  author={Vehtari, Aki and Gelman, Andrew and Gabry, Jonah},
  journal={Statistics and computing},
  volume={27},
  number={5},
  pages={1413--1432},
  year={2017},
  publisher={Springer}
}

@article{luceno2006fitting,
  title={Fitting the generalized Pareto distribution to data using maximum goodness-of-fit estimators},
  author={Luce{\~n}o, Alberto},
  journal={Computational Statistics \& Data Analysis},
  volume={51},
  number={2},
  pages={904--917},
  year={2006},
  publisher={Elsevier}
}

@article{brazauskas2009robust,
  title={Robust and efficient fitting of the generalized Pareto distribution with actuarial applications in view},
  author={Brazauskas, Vytaras and Kleefeld, Andreas},
  journal={Insurance: Mathematics and Economics},
  volume={45},
  number={3},
  pages={424--435},
  year={2009},
  publisher={Elsevier}
}

@article{castillo1997fitting,
  title={Fitting the generalized Pareto distribution to data},
  author={Castillo, Enrique and Hadi, Ali S},
  journal={Journal of the American Statistical Association},
  volume={92},
  number={440},
  pages={1609--1620},
  year={1997},
  publisher={Taylor \& Francis}
}

@article{zhang2009new,
  title={A new and efficient estimation method for the generalized Pareto distribution},
  author={Zhang, Jin and Stephens, Michael A},
  journal={Technometrics},
  volume={51},
  number={3},
  pages={316--325},
  year={2009},
  publisher={Taylor \& Francis}
}

  @Misc{loo_stan,
    title = {loo: Efficient leave-one-out cross-validation and WAIC for
      Bayesian models},
    author = {Aki Vehtari and Jonah Gabry and Yuling Yao and Andrew
      Gelman},
    year = {2019},
    note = {R package version 2.1.0},
    url = {https://CRAN.R-project.org/package=loo},
  }
  
  @article{hosking1987parameter,
  title={Parameter and quantile estimation for the generalized Pareto distribution},
  author={Hosking, Jonathan RM and Wallis, James R},
  journal={Technometrics},
  volume={29},
  number={3},
  pages={339--349},
  year={1987},
  publisher={Taylor \& Francis}
}

@article{yao2018yes,
  title={Yes, but did it work?: Evaluating variational inference},
  author={Yao, Yuling and Vehtari, Aki and Simpson, Daniel and Gelman, Andrew},
  journal={arXiv preprint arXiv:1802.02538},
  year={2018}
}

@book{gut2013probability,
  title={Probability: a graduate course},
  author={Gut, Allan},
  year={2013},
  publisher={Springer Science \& Business Media}
}

@article{korolev2012improvement,
  title={An improvement of the Berry--Esseen inequality with applications to Poisson and mixed Poisson random sums},
  author={Korolev, Victor and Shevtsova, Irina},
  journal={Scandinavian Actuarial Journal},
  volume={2012},
  number={2},
  pages={81--105},
  year={2012},
  publisher={Taylor \& Francis}
}

@article{katz1963note,
  title={Note on the Berry-Esseen theorem},
  author={Katz, Melvin L and others},
  journal={The Annals of Mathematical Statistics},
  volume={34},
  number={3},
  pages={1107--1108},
  year={1963},
  publisher={Institute of Mathematical Statistics}
}

@article{van2014renyi,
  title={R{\'e}nyi divergence and Kullback-Leibler divergence},
  author={Van Erven, Tim and Harremos, Peter},
  journal={IEEE Transactions on Information Theory},
  volume={60},
  number={7},
  pages={3797--3820},
  year={2014},
  publisher={IEEE}
}

@article{xu2018some,
  title={On some variance reduction properties of the reparameterization trick},
  author={Xu, Ming and Quiroz, Matias and Kohn, Robert and Sisson, Scott A},
  journal={arXiv preprint arXiv:1809.10330},
  year={2018}
}

@article{kingma2013auto,
  title={Auto-encoding variational bayes},
  author={Kingma, Diederik P and Welling, Max},
  journal={arXiv preprint arXiv:1312.6114},
  year={2013}
}

@article{rezende2014stochastic,
  title={Stochastic backpropagation and approximate inference in deep generative models},
  author={Rezende, Danilo Jimenez and Mohamed, Shakir and Wierstra, Daan},
  journal={arXiv preprint arXiv:1401.4082},
  year={2014}
}

@phdthesis{wang2016boosting,
  title={Boosting Variational Inference: Theory and Examples},
  author={Wang, Xiangyu},
  year={2016}
}

@article{cook2006validation,
  title={Validation of software for Bayesian models using posterior quantiles},
  author={Cook, Samantha R and Gelman, Andrew and Rubin, Donald B},
  journal={Journal of Computational and Graphical Statistics},
  volume={15},
  number={3},
  pages={675--692},
  year={2006},
  publisher={Taylor \& Francis}
}

@Misc{rstan,
  title = {{RStan}: the {R} interface to {Stan}},
  author = {{Stan Development Team}},
  note = {R package version 2.19.1},
  year = {2019},
  url = {http://mc-stan.org/},
}

@article{anderson1996method,
  title={A method for producing and evaluating probabilistic forecasts from ensemble model integrations},
  author={Anderson, Jeffrey L},
  journal={Journal of climate},
  volume={9},
  number={7},
  pages={1518--1530},
  year={1996}
}

@article{ogbeide2019first,
  title={First report on probabilistic risk assessment of pesticide residues in a riverine ecosystem in South-South Nigeria},
  author={Ogbeide, Ozekeke and Uhunamure, Grace and Okundaye, Fabulous and Ejeomo, Christopher},
  journal={Chemosphere},
  volume={231},
  pages={546--561},
  year={2019},
  publisher={Elsevier}
}

@article{raftery2005using,
  title={Using Bayesian model averaging to calibrate forecast ensembles},
  author={Raftery, Adrian E and Gneiting, Tilmann and Balabdaoui, Fadoua and Polakowski, Michael},
  journal={Monthly weather review},
  volume={133},
  number={5},
  pages={1155--1174},
  year={2005}
}

@article{annis2017bayesian,
  title={Bayesian inference with Stan: A tutorial on adding custom distributions},
  author={Annis, Jeffrey and Miller, Brent J and Palmeri, Thomas J},
  journal={Behavior research methods},
  volume={49},
  number={3},
  pages={863--886},
  year={2017},
  publisher={Springer}
}


@ARTICLE{An98stephenbrooks,
    author = {Lm An and Stephen Brooks and Andrew Gelman},
    title = {Stephen Brooks and Andrew Gelman},
    journal = {Journal of Computational and Graphical Statistics},
    year = {1998},
    volume = {7},
    pages = {434--455}
}

  @Article{coda,
    title = {CODA: Convergence Diagnosis and Output Analysis for MCMC},
    author = {Martyn Plummer and Nicky Best and Kate Cowles and Karen
      Vines},
    journal = {R News},
    year = {2006},
    volume = {6},
    number = {1},
    pages = {7--11},
    url = {https://journal.r-project.org/archive/},
    pdf = {https://www.r-project.org/doc/Rnews/Rnews_2006-1.pdf},
  }
  
  
  @article{jasra2005markov,
  title={Markov chain Monte Carlo methods and the label switching problem in Bayesian mixture modeling},
  author={Jasra, Ajay and Holmes, Chris C and Stephens, David A},
  journal={Statistical Science},
  pages={50--67},
  year={2005},
  publisher={JSTOR}
}


@book{agresti2011categorical,
  title={Categorical data analysis},
  author={Agresti, Alan and Kateri, Maria},
  year={2011},
  publisher={Springer}
}
@misc{andrew, title={Statistical Modeling, Causal Inference, and Social Science}, url={https://statmodeling.stat.columbia.edu/2014/02/12/think-identifiability-bayesian-inference/}, journal={Statistical Modeling, Causal Inference, and Social Science:}, author={Gelman, Andrew},
year={2014}}

@article{hui2008lawstat,
  title={lawstat: an R package for law, public policy and biostatistics},
  author={Hui, Wallace and Gel, Yulia R and Gastwirth, Joseph L and others},year={2008}
}

@incollection{miao2006new,
  title={A new test of symmetry about an unknown median},
  author={Miao, Weiwen and Gel, Yulia R and Gastwirth, Joseph L},
  booktitle={Random Walk, Sequential Analysis And Related Topics: A Festschrift in Honor of Yuan-Shih Chow},
  pages={199--214},
  year={2006},
  publisher={World Scientific}
}

@article{meyer1999bayesian,
  title={Bayesian stock assessment using a state--space implementation of the delay difference model},
  author={Meyer, Renate and Millar, Russell B},
  journal={Canadian Journal of Fisheries and Aquatic Sciences},
  volume={56},
  number={1},
  pages={37--52},
  year={1999},
  publisher={NRC Research Press}
}

@incollection{KERY2012241,
title = "Chapter 8 - Estimation of Survival Using Mark-Recovery Data",
editor = "Marc KÃ©ry and Michael Schaub",
booktitle = "Bayesian Population Analysis using WinBUGS",
publisher = "Academic Press",
address = "Boston",
pages = "241 - 262",
year = "2012",
isbn = "978-0-12-387020-9",
doi = "https://doi.org/10.1016/B978-0-12-387020-9.00008-0",
url = "http://www.sciencedirect.com/science/article/pii/B9780123870209000080",
author = "Marc KÃ©ry and Michael Schaub",
keywords = "Band recovery, dead recovery, mark recovery, multinomial likelihood, recovery, ring recovery, true survival",
abstract = "Publisher Summary
Mark-recovery models have a long history, and many variants exist. They include models for the estimation of seasonal survival probabilities; kill rates, the proportion of animals dying from different mortality causes, and spatial variation of recovery probabilities to name just a few. Williams provided a recent review of mark-recovery models and included plenty of additional information, such as different parameterizations, study design, or goodness-of-fit testing. Mark-recovery data can also be analyzed with multistate models. Moreover, it is possible to jointly analyze mark-recovery and capture-recapture data, although they provide different measures of survival. Multistate capture-recapture models are the best tool to conduct such a joint analysis."
}

@article{bolker2013strategies,
  title={Strategies for fitting nonlinear ecological models in R, AD M odel B uilder, and BUGS},
  author={Bolker, Benjamin M and Gardner, Beth and Maunder, Mark and Berg, Casper W and Brooks, Mollie and Comita, Liza and Crone, Elizabeth and Cubaynes, Sarah and Davies, Trevor and de Valpine, Perry and others},
  journal={Methods in Ecology and Evolution},
  volume={4},
  number={6},
  pages={501--512},
  year={2013},
  publisher={Wiley Online Library}
}

@article{monnahan2017faster,
  title={Faster estimation of Bayesian models in ecology using Hamiltonian Monte Carlo},
  author={Monnahan, Cole C and Thorson, James T and Branch, Trevor A},
  journal={Methods in Ecology and Evolution},
  volume={8},
  number={3},
  pages={339--348},
  year={2017},
  publisher={Wiley Online Library}
}

@article{redkite_iucn,
  title={Milvus milvus },
  url={https://www.iucnredlist.org/species/22695072/155600973},
  author={IUCN},
  year={2019},
}

@article{mcelligott2002age,
  title={Age-specific survival and reproductive probabilities: evidence for senescence in male fallow deer (Dama dama)},
  author={McElligott, Alan G and Altwegg, Res and Hayden, Thomas J},
  journal={Proceedings of the Royal Society of London. Series B: Biological Sciences},
  volume={269},
  number={1496},
  pages={1129--1137},
  year={2002},
  publisher={The Royal Society}
}

@article{aebischer2012grey,
  title={The grey partridge in the UK: population status, research, policy and prospects},
  author={Aebischer, Nicholas J and Ewald, JA},
  journal={Animal Biodiversity and Conservation},
  volume={35},
  number={2},
  pages={353--362},
  year={2012}
}

 @Manual{lars_r,
    title = {lars: Least Angle Regression, Lasso and Forward Stagewise},
    author = {Trevor Hastie and Brad Efron},
    year = {2013},
    note = {R package version 1.2},
    url = {https://CRAN.R-project.org/package=lars},
  }
@article{friedman2010regularization,
  title={Regularization paths for generalized linear models via coordinate descent},
  author={Friedman, Jerome and Hastie, Trevor and Tibshirani, Rob},
  journal={Journal of statistical software},
  volume={33},
  number={1},
  pages={1},
  year={2010},
  publisher={NIH Public Access}
}

@article{gelman1992inference,
  title={Inference from iterative simulation using multiple sequences},
  author={Gelman, Andrew and Rubin, Donald B and others},
  journal={Statistical science},
  volume={7},
  number={4},
  pages={457--472},
  year={1992},
  publisher={Institute of Mathematical Statistics}
}

@article{ang2018gamifying,
  title={Gamifying anatomy education},
  author={Ang, Eng Tat and Chan, Jia Min and Gopal, Vik and Li Shia, Ng},
  journal={Clinical Anatomy},
  volume={31},
  number={7},
  pages={997--1005},
  year={2018},
  publisher={Wiley Online Library}
}



@article{ang2020gamifying,
  year={2020},
  title={The psychology of medical education: understanding it via an anatomy maze},
  author={Ang, Eng-Tat and Choo, Jia Yi and Lee, De Zhang and Muthukrishnan , Chandrika and Ng, Li Shia},
  publisher={Manuscript under consideration},
  journal={Manuscript under consideration}
}

@article{stockdale2011development,
  title={Development of the PRO-SDLS: A measure of self-direction in learning based on the personal responsibility orientation model},
  author={Stockdale, Susan L and Brockett, Ralph G},
  journal={Adult Education Quarterly},
  volume={61},
  number={2},
  pages={161--180},
  year={2011},
  publisher={SAGE Publications Sage CA: Los Angeles, CA}
}

@article{lee2018assessing,
  title={Assessing the Impact of Gamification on Self-Directed Learning in Medical Students},
  author={Lee, De-Zhang and Gopal, Vik and Chan, Jia-Min and Ng, Li-Shia and Ang, Eng-Tat},
  journal={arXiv preprint arXiv:1810.09317},
  year={2018}
}


@article{cazan2014self,
  title={Self-directed learning, personality traits and academic achievement},
  author={Cazan, Ana-Maria and Schiopca, Bianca-Andreea},
  journal={Procedia-Social and Behavioral Sciences},
  volume={127},
  pages={640--644},
  year={2014},
  publisher={Elsevier}
}

@article{hall2011self,
  title={Self-directed learning characteristics of first-generation, first-year college students participating in a summer bridge program},
  author={Hall, Jeffrey Drummond},
  year={2011}
}

@incollection{schulze2017massive,
  title={Massive Open Online Courses and Completion Rates: Are Self-Directed Adult Learners the Most Successful at MOOCs?},
  author={Schulze, Amanda Sue and Leigh, Doug and Sparks, Paul and Spinello, Elio},
  booktitle={Handbook of Research on Individualism and Identity in the Globalized Digital Age},
  pages={24--49},
  year={2017},
  publisher={IGI Global}
}

@article{berry1941accuracy,
  title={The accuracy of the Gaussian approximation to the sum of independent variates},
  author={Berry, Andrew C},
  journal={Transactions of the american mathematical society},
  volume={49},
  number={1},
  pages={122--136},
  year={1941},
  publisher={JSTOR}
}

@article{esseen1942accuracy,
  title={On the Liapunoff limit of error in the theory of probability},
  author={Esseen, Carl-Gustav },
  journal={Arkiv fÃ¶r Matematik, Astronomi och Fysik},
  pages={1--19},
  year={1942},
  publisher={P. A. Norstedt & Soner}
}

@article{esseen1956moment,
  title={A moment inequality with an application to the central limit theorem},
  author={Esseen, Carl-Gustav},
  journal={Scandinavian Actuarial Journal},
  volume={1956},
  number={2},
  pages={160--170},
  year={1956},
  publisher={Taylor \& Francis}
}

@book{cormen2009introduction,
  title={Introduction to algorithms},
  author={Cormen, Thomas H and Leiserson, Charles E and Rivest, Ronald L and Stein, Clifford},
  year={2009}
}

@book{miller2011survival,
  title={Survival analysis},
  author={Miller Jr, Rupert G},
  volume={66},
  year={2011},
  publisher={John Wiley \& Sons}
}

@article{dai2018testing,
  title={Testing for central symmetry and inference of the unknown center},
  author={Dai, Xinjie and Niu, Cuizhen and Guo, Xu},
  journal={Computational Statistics \& Data Analysis},
  volume={127},
  pages={15--31},
  year={2018},
  publisher={Elsevier}
}

  @Article{philentropy,
    title = {Philentropy: Information Theory and Distance
      Quantification with R},
    author = {Drost HG},
    journal = {Journal of Open Source Software},
    year = {2018},
    volume = {3},
    number = {26},
    pages = {765},
    url = {http://joss.theoj.org/papers/10.21105/joss.00765},
  }
  
  @inproceedings{carvalho2009handling,
  title={Handling sparsity via the horseshoe},
  author={Carvalho, Carlos M and Polson, Nicholas G and Scott, James G},
  booktitle={Artificial Intelligence and Statistics},
  pages={73--80},
  year={2009}
}

@article{piironen2016hyperprior,
  title={On the hyperprior choice for the global shrinkage parameter in the horseshoe prior},
  author={Piironen, Juho and Vehtari, Aki},
  journal={arXiv preprint arXiv:1610.05559},
  year={2016}
}

@article{leday2017gene,
  title={Gene network reconstruction using global-local shrinkage priors},
  author={Leday, Gwena{\"e}l GR and De Gunst, Mathisca CM and Kpogbezan, Gino B and Van der Vaart, Aad W and Van Wieringen, Wessel N and Van De Wiel, Mark A},
  journal={The annals of applied statistics},
  volume={11},
  number={1},
  pages={41},
  year={2017},
  publisher={Europe PMC Funders}
}

  @Manual{sym_r,
    title = {symmetry: Testing for Symmetry of Data and Model Residuals},
    author = {Blagoje Ivanovic and Bojana MiloÅ¡evic and Marko Obradovic},
    year = {2019},
    note = {R package version 0.1.1},
    url = {https://CRAN.R-project.org/package=symmetry},
  }
  
  
  @misc{ankerst2005kendall,
  title={Kendall's Advanced Theory of Statistics, Vol. 2B: Bayesian Inference},
  author={Ankerst, D Pauler},
  year={2005},
  publisher={Taylor \& Francis}
}

@article{roy2019convergence,
  title={Convergence Diagnostics for Markov Chain Monte Carlo},
  author={Roy, Vivekananda},
  journal={Annual Review of Statistics and Its Application},
  volume={7},
  publisher={Annual Reviews},
  year={2019}
}

@article{von2011bayesian,
  title={Bayesian inference in physics},
  author={Von Toussaint, Udo},
  journal={Reviews of Modern Physics},
  volume={83},
  number={3},
  pages={943},
  year={2011},
  publisher={APS}
}

@article{kersten2004object,
  title={Object perception as Bayesian inference},
  author={Kersten, Daniel and Mamassian, Pascal and Yuille, Alan},
  journal={Annu. Rev. Psychol.},
  volume={55},
  pages={271--304},
  year={2004},
  publisher={Annual Reviews}
}

@article{lee2005bayesian,
  title={Bayesian statistical inference in psychology: Comment on Trafimow (2003).},
  author={Lee, Michael D and Wagenmakers, Eric-Jan},
  year={2005},
  publisher={American Psychological Association}
}

@inproceedings{liu2005network,
  title={Network vulnerability assessment using Bayesian networks},
  author={Liu, Yu and Man, Hong},
  booktitle={Data mining, intrusion detection, information assurance, and data networks security 2005},
  volume={5812},
  pages={61--71},
  year={2005},
  organization={International Society for Optics and Photonics}
}

@article{geyer2011introduction,
  title={Introduction to markov chain monte carlo},
  author={Geyer, Charles J},
  year={2005}
}

  @Manual{r-project,
    title = {R: A Language and Environment for Statistical Computing},
    author = {{R Core Team}},
    organization = {R Foundation for Statistical Computing},
    address = {Vienna, Austria},
    year = {2017},
    url = {https://www.R-project.org/},
  }
  
    @Article{mcmcpack,
    title = {{MCMCpack}: Markov Chain Monte Carlo in {R}},
    author = {Andrew D. Martin and Kevin M. Quinn and Jong Hee Park},
    journal = {Journal of Statistical Software},
    year = {2011},
    volume = {42},
    number = {9},
    pages = {22},
    url = {http://www.jstatsoft.org/v42/i09/},
  }
    @Manual{r_mcmc,
    title = {mcmc: Markov Chain Monte Carlo},
    author = {Charles J. Geyer and Leif T. Johnson},
    year = {2019},
    note = {R package version 0.9-6},
    url = {https://CRAN.R-project.org/package=mcmc},
  }

@article{fernandez2016ggmcmc,
  title={ggmcmc: Analysis of MCMC samples and Bayesian inference},
  author={Fern{\'a}ndez-i-Mar{\i}n, Xavier},
  year={2016}
}

@article{winn2005variational,
  title={Variational message passing},
  author={Winn, John and Bishop, Christopher M},
  journal={Journal of Machine Learning Research},
  volume={6},
  number={Apr},
  pages={661--694},
  year={2005}
}

@article{blei2017variational,
  title={Variational inference: A review for statisticians},
  author={Blei, David M and Kucukelbir, Alp and McAuliffe, Jon D},
  journal={Journal of the American statistical Association},
  volume={112},
  number={518},
  pages={859--877},
  year={2017},
  publisher={Taylor \& Francis}
}

@article{fox2012tutorial,
  title={A tutorial on variational Bayesian inference},
  author={Fox, Charles W and Roberts, Stephen J},
  journal={Artificial intelligence review},
  volume={38},
  number={2},
  pages={85--95},
  year={2012},
  publisher={Springer}
}

@article{opper2009variational,
  title={The variational Gaussian approximation revisited},
  author={Opper, Manfred and Archambeau, C{\'e}dric},
  journal={Neural computation},
  volume={21},
  number={3},
  pages={786--792},
  year={2009},
  publisher={MIT Press}
}

@book{murphy2012machine,
  title={Machine learning: a probabilistic perspective},
  author={Murphy, Kevin P},
  year={2012},
  publisher={MIT press}
}

@article{hoffman2013stochastic,
  title={Stochastic variational inference},
  author={Hoffman, Matthew D and Blei, David M and Wang, Chong and Paisley, John},
  journal={The Journal of Machine Learning Research},
  volume={14},
  number={1},
  pages={1303--1347},
  year={2013},
  publisher={JMLR. org}
}

@article{ranganath2013black,
  title={Black box variational inference},
  author={Ranganath, Rajesh and Gerrish, Sean and Blei, David M},
  journal={arXiv preprint arXiv:1401.0118},
  year={2013}
}

@book{sra2012optimization,
  title={Optimization for machine learning},
  author={Sra, Suvrit and Nowozin, Sebastian and Wright, Stephen J},
  year={2012},
  publisher={Mit Press}
}


@article{nott2012regression,
  title={Regression density estimation with variational methods and stochastic approximation},
  author={Nott, David J and Tan, Siew Li and Villani, Mattias and Kohn, Robert},
  journal={Journal of Computational and Graphical Statistics},
  volume={21},
  number={3},
  pages={797--820},
  year={2012},
  publisher={Taylor \& Francis Group}
}

@techreport{phillips1980characteristic,
  title={Characteristic Functions and the Tail Behavior of Probability Distributions},
  author={Phillips, Peter CB and others},
  year={1980},
  institution={Cowles Foundation for Research in Economics, Yale University}
}

@article{butzer1978general,
  title={General theorems on rates of convergence in distribution of random variables I. General limit theorems},
  author={Butzer, PL and Hahn, L},
  journal={Journal of Multivariate Analysis},
  volume={8},
  number={2},
  pages={181--201},
  year={1978},
  publisher={Elsevier}
}

@book{chung2001course,
  title={A course in probability theory},
  author={Chung, Kai Lai and Zhong, Kailai},
  year={2001},
  publisher={Academic press}
}

@Inbook{Basrak2011,
author="Basrak, Bojan",
editor="Lovric, Miodrag",
title="Fisher-Tippett Theorem",
bookTitle="International Encyclopedia of Statistical Science",
year="2011",
publisher="Springer Berlin Heidelberg",
address="Berlin, Heidelberg",
pages="525--526",
isbn="978-3-642-04898-2",
doi="10.1007/978-3-642-04898-2_254",
url="https://doi.org/10.1007/978-3-642-04898-2_254"
}

@book{casella2002statistical,
  title={Statistical inference},
  author={Casella, George and Berger, Roger L},
  volume={2},
  year={2002},
  publisher={Duxbury Pacific Grove, CA}
}